	@inproceedings{shi2019ifixflakies,
  title={iFixFlakies: A framework for automatically fixing order-dependent flaky tests},
  author={Shi, August and Lam, Wing and Oei, Reed and Xie, Tao and Marinov, Darko},
  booktitle={Proceedings of the 2019 27th ACM Joint Meeting on European Software Engineering Conference and Symposium on the Foundations of Software Engineering},
  pages={545--555},
  year={2019}
}
@article{bruegge2009object,
	title={Object--Oriented Software Engineering. Using UML, Patterns, and Java},
	author={Bruegge, Bernd and Dutoit, Allen H},
	journal={Learning},
	volume={5},
	number={6},
	pages={7},
	year={2009}
}
@inproceedings{zhang2019large,
	title={A large-scale empirical study of compiler errors in continuous integration},
	author={Zhang, Chen and Chen, Bihuan and Chen, Linlin and Peng, Xin and Zhao, Wenyun},
	booktitle={Proceedings of the 2019 27th ACM Joint Meeting on European Software Engineering Conference and Symposium on the Foundations of Software Engineering},
	pages={176--187},
	year={2019}
}
@article{petersen2015guidelines,
	title={Guidelines for conducting systematic mapping studies in software engineering: An update},
	author={Petersen, Kai and Vakkalanka, Sairam and Kuzniarz, Ludwik},
	journal={Information and Software Technology},
	volume={64},
	pages={1--18},
	year={2015},
	publisher={Elsevier}
}
@inproceedings{luo2014empirical,
	title={An empirical analysis of flaky tests},
	author={Luo, Qingzhou and Hariri, Farah and Eloussi, Lamyaa and Marinov, Darko},
	booktitle={Proceedings of the 22nd ACM SIGSOFT International Symposium on Foundations of Software Engineering},
	pages={643--653},
	year={2014}
}
@article{sommerville2011software,
	title={Software engineering 9th Edition},
	author={Sommerville, Ian},
	journal={ISBN-10},
	volume={137035152},
	pages={18},
	year={2011}
}
@article{Container,
	title={A Container-Based Infrastructure for Fuzzy-Driven Root Causing of Flaky Tests}
	author={Terragni,Valerio and Salza, Pasquale and Ferrucci, Filomena}
	booktitle={Proceedings of The ACM/IEEE 42th International Conference on
	Software Engineering, 2020 October}
	year={2020}
}